<record><leader>00000cas a22000007a 4500</leader><controlfield tag="001">17655493</controlfield><controlfield tag="008">880321d18901891ohudn ne      0    0eng d</controlfield><datafield ind1=" " ind2=" " tag="010"><subfield code="a">sn 88078290 </subfield></datafield><datafield ind1=" " ind2=" " tag="040"><subfield code="a">ONP</subfield><subfield code="b">eng</subfield><subfield code="c">ONP</subfield><subfield code="d">OCLCQ</subfield></datafield><datafield ind1=" " ind2=" " tag="042"><subfield code="a">msc</subfield></datafield><datafield ind1="0" ind2=" " tag="130"><subfield code="a">Salem Republican-era (Salem, Ohio : Daily)</subfield></datafield><datafield ind1="1" ind2="4" tag="245"><subfield code="a">The Salem Republican-era.</subfield></datafield><datafield ind1=" " ind2=" " tag="260"><subfield code="a">Salem, Ohio :</subfield><subfield code="b">Salem Pub. Co.,</subfield><subfield code="c">1890-1891.</subfield></datafield><datafield ind1=" " ind2=" " tag="300"><subfield code="a">v.</subfield></datafield><datafield ind1=" " ind2=" " tag="310"><subfield code="a">Daily (except Sun.)</subfield></datafield><datafield ind1="0" ind2=" " tag="362"><subfield code="a">Vol. 1, no. 51 (Jan. 1, 1890)-v. 2, no. 59 (Jan. 10, 1891).</subfield></datafield><datafield ind1=" " ind2=" " tag="752"><subfield code="a">United States</subfield><subfield code="b">Ohio</subfield><subfield code="c">Columbiana</subfield><subfield code="d">Salem.</subfield></datafield><datafield ind1="0" ind2=" " tag="775"><subfield code="t">Salem Republican-era (Salem, Ohio : Weekly)</subfield><subfield code="w">(DLC)sn 88078303</subfield></datafield><datafield ind1="0" ind2="4" tag="780"><subfield code="t">Salem daily era</subfield><subfield code="w">(DLC)sn 88078291</subfield></datafield><datafield ind1="0" ind2="4" tag="780"><subfield code="t">Salem Republican (Salem, Ohio : Daily)</subfield></datafield><datafield ind1="0" ind2="4" tag="785"><subfield code="t">Salem daily news</subfield><subfield code="w">(DLC)sn 88078289</subfield></datafield></record>